

@Article{Rao47,
	author	= {Rao, C R},
	year	= 1947,
	title	= {Note on a Problem of Ragnar Frisch},
	journal	= {Econometrica},
	pages	= {245--249},
	volume	= {15(3)}
}
@Article{Rao49,
	author	= {Rao, C R},
	year	= 1949,
	title	= {A Correction to ``Note on a Problem of Ragnar Frisch''},
	journal	= {Econometrica},
	pages	= {212},
	volume	= {17(3/4)}
}
@incollection{Vinodb93,
    author	= {Vinod, H D},
    year	= {1993} ,  
    title	= {Bootstrap methods: Applications in econometrics},
    booktitle = {Handbook of Statistics: Econometrics},
    editor = {G S Maddala and C R Rao and H D Vinod},
    volume  = {11},
    chapter = {23},
    pages	= {629--661},
    publisher = {North Holland, Elsevier},
    address	= {New York}
}
@techreport{Vinodu07,
    author	= {Vinod, H D},
    year	= {2007},
 INSTITUTION =  {Economics Department, Fordham University},
    title	= {Correcting for heteroscedasticity for numerical values domain},
    note= { presented at: Greater New York Metropolitan Area Econometrics Colloquium, 
University of Pennsylvania, 1 December 2007.}
}
@BOOK{R18,
  AUTHOR =       {{R Development Core Team}},
  TITLE =        {R: A language and environment for statistical computing},
  PUBLISHER =    {R Foundation for Statistical Computing},
  YEAR =         {2018},
  address =      {Vienna, Austria},
  note =         {{ISBN} 3-900051-07-0},
  url =         {http://www.R-project.org},
}

